@article{nunn2011potato,
  title={The potato's contribution to population and urbanization: evidence from a historical experiment},
  author={Nunn, Nathan and Qian, Nancy},
  journal={The quarterly journal of economics},
  volume={126},
  number={2},
  pages={593--650},
  year={2011},
  publisher={Oxford University Press}
}

@article{schwabish2014economist,
  title={An economist's guide to visualizing data},
  author={Schwabish, Jonathan A},
  journal={Journal of Economic Perspectives},
  volume={28},
  number={1},
  pages={209--34},
  year={2014}
}
    